%example bibliography
%@book {Grit,
%    AUTHOR = {Grit, Roel},
%     TITLE = {Project Management: A Practical Approach },
%    SERIES = {},
%    VOLUME = {},
%   EDITION = {4},
%      NOTE = {},
% PUBLISHER = {Noordhoff Uitgevers}, 
%   ADDRESS = {Groningen, The Netherlands},
%      YEAR = {2015},
%     PAGES = {},
%      ISBN = {},
%   MRCLASS = {},
%  MRNUMBER = {},
%MRREVIEWER = {},
%}

@manual1 {LF_manual,
    author = "Ing. X. van Rijnsoever and Ing. T. Slats and Dr. J. Hoekstra and Dr. ir. A.J. van Genderen and Dr. ir. J.S.S.M. Wong",
    title = "Manual Course Lab Digital Systems B Line-Follower",
    organization = "Delft University of Technology",
    year = "2022"}

@manual2 {EPO2_manual,
    author = "Ing. B. Jacobs and Ing. X. van Rijnsoever and A.M.J. Slats and Dr. J. Hoekstra and Dr. ir. A.J. van Genderen and Dr. S. Izadkhast and Dr. ir. M. Pertijs and Dr. M. Bartek and Dr. M. Spirito and
    Ing. B.M. Verdoes and Ing. T.M. de Rijk and Ing. H.E.J. Bosma",
    title = "Project Smart Robot Challenge",
    organization = "Delft University of Technology",
    year = "2023"}

